@article{dempsterlr77,
	author = "A. P. Dempster and N. M. Laird and D. B. Rubin",
	title = "Maximum likelihood from incomplete data via the EM Algorithm",
	year = "1997",
	journal = "J. R. Statist. Soc.",
	volume = "B",
	number = "39",
	pages = "1-38"
}
@article{wu1983,
	author = "C. F. Jeff Wu",
	title = "On the convergence properties of the EM Algorithm",
	year = "1983",
	journal = "Ann. Statist.",
	volume = "11",
	pages = "95-103"
}
@article{lange1995a,
	author = "Kenneth Lange",
	title = "A Quasi Newton Acceleration of the EM Algorithm",
	year = "1995",
	journal = "Statist. Sin.",
	volume = "5",
	pages = "1-18"
}
@article{jamshidianj93,
	author = "Mori Jamshidian and Robert I. Jennrich",
	title = "Conjugate Gradient Acceleration of the EM Algorithm",
	year = "1993",
	journal = "J. Am. Statist. Ass.",
	volume = "88",
	pages = "221-228"
}
@article{jamshidianj97,
	author = "Mortaza Jamshidian and Robert I. Jennrich",
	title = "Acceleration of the EM Algorithm by Using Quasi Newton Methods",
	year = "1997",
	journal = "Journal of the Royal Statistical Society",
	series = "B"
	volume = "59",
	Number = "3",
	pages = "569-587"
}
@article{khalfan93,
	author = "Khalfan, H. F. and Byrd, R. H.  and Schnabel, R. B.",
	title = "A theoretical and experimental study of the symmetric rank-one update",
	year = "1993",
	journal = "SIAM Journal of Optimization",
	Number = "3",
	pages = "1-24"
}
@book{nocedalwright_BFGS,
	author = "Jorge Nocedal and Stephen J. Wright",
	title = "Numerical Optimization",
	edition = "2nd"
	year = "2006",
	publisher = "Springer",
	address = "New York, NY"
	pages = "136-140"
}
